<record><leader>00000cas a2200000 a 4500</leader><controlfield tag="001">35351012</controlfield><controlfield tag="006">m     o  d        </controlfield><controlfield tag="007">cr cna||||||||</controlfield><controlfield tag="008">960903c19839999maudn nso     0    0eng c</controlfield><datafield ind1=" " ind2=" " tag="010"><subfield code="a">  2004233903</subfield></datafield><datafield ind1=" " ind2=" " tag="040"><subfield code="a">IBI</subfield><subfield code="b">eng</subfield><subfield code="c">IBI</subfield><subfield code="d">OCL</subfield><subfield code="d">OCLCQ</subfield><subfield code="d">GUA</subfield><subfield code="d">LHM</subfield><subfield code="d">UV$</subfield><subfield code="d">OCLCQ</subfield><subfield code="d">DLC</subfield><subfield code="d">DOS</subfield><subfield code="d">OCLCQ</subfield><subfield code="d">OCLCF</subfield><subfield code="d">OCLCO</subfield><subfield code="d">CUS</subfield><subfield code="d">OCLCQ</subfield></datafield><datafield ind1=" " ind2=" " tag="019"><subfield code="a">44653583</subfield><subfield code="a">53942999</subfield><subfield code="a">55506393</subfield><subfield code="a">60637630</subfield></datafield><datafield ind1=" " ind2=" " tag="022"><subfield code="y">0882-7729</subfield><subfield code="y">1540-4617</subfield></datafield><datafield ind1=" " ind2=" " tag="042"><subfield code="a">pcc</subfield></datafield><datafield ind1=" " ind2=" " tag="043"><subfield code="a">n-us-ma</subfield></datafield><datafield ind1=" " ind2="4" tag="050"><subfield code="a">AN3</subfield><subfield code="b">.C555</subfield></datafield><datafield ind1="0" ind2=" " tag="130"><subfield code="a">Christian Science monitor (Boston, Mass. : 1983 : Online)</subfield></datafield><datafield ind1="1" ind2="4" tag="245"><subfield code="a">The Christian Science monitor.</subfield></datafield><datafield ind1=" " ind2=" " tag="260"><subfield code="a">Boston, Mass. :</subfield><subfield code="b">Christian Science Monitor Pub. Soc.</subfield></datafield><datafield ind1=" " ind2=" " tag="310"><subfield code="a">Daily (except Saturday and Sunday)</subfield></datafield><datafield ind1=" " ind2=" " tag="336"><subfield code="a">text</subfield><subfield code="b">txt</subfield><subfield code="2">rdacontent</subfield></datafield><datafield ind1=" " ind2=" " tag="337"><subfield code="a">computer</subfield><subfield code="b">c</subfield><subfield code="2">rdamedia</subfield></datafield><datafield ind1=" " ind2=" " tag="338"><subfield code="a">online resource</subfield><subfield code="b">cr</subfield><subfield code="2">rdacarrier</subfield></datafield><datafield ind1="0" ind2=" " tag="362"><subfield code="a">Vol. 75, no. 218 (Oct. 3, 1983)-</subfield></datafield><datafield ind1=" " ind2=" " tag="500"><subfield code="a">Title from pdf image of banner (Proquest, viewed Oct. 5, 2004).</subfield></datafield><datafield ind1=" " ind2=" " tag="500"><subfield code="a">Publisher's Web site had ed. statement "Electronic ed." &lt;Sept. 1996-&gt;; issues for &lt;Oct. 6, 2004-&gt; lack ed. statement.</subfield></datafield><datafield ind1=" " ind2=" " tag="520"><subfield code="a">This database offers a full-image archive of the full historical run of The Christian Science Monitor, with complete coverage from 1908-1991 (as of Dec. 2003), in downloadable PDF.</subfield></datafield><datafield ind1=" " ind2=" " tag="530"><subfield code="a">Also issued in print, as an online PDF of the print ed. (Treeless ed.), and on microfilm from the Micro Photo Division, Bell &amp; Howell Co.</subfield></datafield><datafield ind1=" " ind2=" " tag="538"><subfield code="a">Mode of access: World Wide Web.</subfield></datafield><datafield ind1=" " ind2=" " tag="580"><subfield code="a">Print version formed by the union of: Christian Science monitor (Boston, Mass. : Eastern ed.), and: Christian Science monitor (Boston, Mass. : Central ed.), and: Christian Science monitor (Boston, Mass. : New England ed.), and: Christian Science monitor (Boston, Mass. : Western ed.).</subfield></datafield><datafield ind1=" " ind2=" " tag="588"><subfield code="a">Latest issue consulted: Oct. 6, 2004 (publisher's Web site, viewed Oct. 6, 2004).</subfield></datafield><datafield ind1=" " ind2="0" tag="651"><subfield code="a">Boston (Mass.)</subfield><subfield code="v">Newspapers.</subfield></datafield><datafield ind1=" " ind2="0" tag="651"><subfield code="a">Suffolk County (Mass.)</subfield><subfield code="v">Newspapers.</subfield></datafield><datafield ind1=" " ind2="7" tag="651"><subfield code="a">Massachusetts</subfield><subfield code="z">Boston.</subfield><subfield code="2">fast</subfield><subfield code="0">(OCoLC)fst01205012</subfield></datafield><datafield ind1=" " ind2="7" tag="651"><subfield code="a">Massachusetts</subfield><subfield code="z">Suffolk County.</subfield><subfield code="2">fast</subfield><subfield code="0">(OCoLC)fst01206189</subfield></datafield><datafield ind1=" " ind2="7" tag="655"><subfield code="a">Newspapers.</subfield><subfield code="2">fast</subfield><subfield code="0">(OCoLC)fst01423814</subfield></datafield><datafield ind1="2" ind2=" " tag="710"><subfield code="a">Christian Science Publishing Society.</subfield></datafield><datafield ind1=" " ind2=" " tag="752"><subfield code="a">United States</subfield><subfield code="b">Massachusetts</subfield><subfield code="c">Suffolk</subfield><subfield code="d">Boston.</subfield></datafield><datafield ind1="1" ind2=" " tag="776"><subfield code="t">Christian Science monitor (Boston, Mass. : 1983)</subfield><subfield code="x">0882-7729</subfield><subfield code="w">(DLC)sn 85047512</subfield><subfield code="w">(OCoLC)10969332</subfield></datafield><datafield ind1="1" ind2="4" tag="780"><subfield code="t">Christian Science monitor (Boston, Mass. : Eastern ed. : Online)</subfield><subfield code="w">(DLC)  2004233900</subfield></datafield><datafield ind1="1" ind2=" " tag="787"><subfield code="t">Christian Science monitor (Treeless ed.)</subfield><subfield code="x">1540-4617</subfield><subfield code="w">(DLC)  2002214480</subfield><subfield code="w">(OCoLC)50140070</subfield></datafield><datafield ind1="4" ind2="0" tag="856"><subfield code="u">http://bibpurl.oclc.org/web/76917</subfield><subfield code="u">http://www.csmonitor.com</subfield></datafield><datafield ind1="4" ind2="0" tag="856"><subfield code="u">http://proquest.umi.com/pqdweb?RQT=306&amp;COPT=SU5UPTAmREJTPTFBQ0Q@&amp;JSEnabled=1&amp;TS=1071676665&amp;DBId=9867#sform</subfield></datafield><datafield ind1="1" ind2=" " tag="029"><subfield code="a">AU@</subfield><subfield code="b">000026310545</subfield></datafield><datafield ind1="1" ind2=" " tag="029"><subfield code="a">AU@</subfield><subfield code="b">000040747943</subfield></datafield><datafield ind1="1" ind2=" " tag="029"><subfield code="a">AU@</subfield><subfield code="b">000043818567</subfield></datafield><datafield ind1="1" ind2=" " tag="029"><subfield code="a">AU@</subfield><subfield code="b">000044057566</subfield></datafield><datafield ind1="1" ind2=" " tag="029"><subfield code="a">AU@</subfield><subfield code="b">000044915518</subfield></datafield><datafield ind1="1" ind2=" " tag="029"><subfield code="a">AU@</subfield><subfield code="b">000045700066</subfield></datafield><datafield ind1="1" ind2=" " tag="029"><subfield code="a">NZ1</subfield><subfield code="b">16243086</subfield></datafield><datafield ind1="1" ind2=" " tag="029"><subfield code="a">NZ1</subfield><subfield code="b">8895579</subfield></datafield><datafield ind1="1" ind2=" " tag="029"><subfield code="a">OCLCS</subfield><subfield code="b">3538</subfield></datafield><datafield ind1="1" ind2=" " tag="029"><subfield code="a">OCLCS</subfield><subfield code="b">OP-22715</subfield></datafield></record>